@BOOK{lloret:2015,
   title = {SSM - XML authoring of electronic questionnaires},
   publisher = {XML Prague Conference},
   author = {Lloret, J. and Wiratunga, N.},
   year = {2015},
   edition = {},
}