
%--------------ARTICLE
@article{art:kahn62,
    author = {Kahn, A. B.},
    title = {Topological Sorting of Large Networks},
    journal = {Commun. ACM},
    volume = {5},
    number = {11},
    pages = {558--562},
    year = {1962},
    month = {November},
    note={}
} 
@article{art:warner65,
    author    = {Warner, Stanley L.},
    title     = {Randomized Response: A Survey Technique for Eliminating Evasive Answer Bias},
    journal   = {Journal of the American Statxistical Association},
    volume   = {60},
    number   = {309},
    pages    = "",
    year      = "1965",
    month    = "",
    note     = ""
}

@article{art:dijkstra68,
    author    = {Dijkstra, Edsger W.},
    title     = {Go-to statement considered harmful},
    journal   = {ACM 11, 3: 147-148.},
    volume   = {},
    number   = "",
    pages    = "",
    year      = {1968},
    month    = "",
    note     = ""
}

@article{art:jabine85,
    author    = {Jabine, Thomas B.},
    title     = {Flow Charts: A Tool for Developing and Understanding Survey Questionnaires},
    journal   = {Journal of Official Statistics},
    volume   = {1},
    number   = {2},
    pages    = {189--207},
    year      = {1985},
    month    = "",
    note     = ""
}

@article{art:fan03,
    title = "Integrity constraints for \{XML\}",
    journal = "Journal of Computer and System Sciences ",
    volume = "66",
    number = "1",
    pages = "254 - 291",
    year = "2003",
    note = "Special Issue on \{PODS\} 2000 ",
    issn = "0022-0000",
    doi = "http://dx.doi.org/10.1016/S0022-0000(02)00032-6",
    url = "http://www.sciencedirect.com/science/article/pii/S0022000002000326",
    author = "Wenfei Fan and Jérôme Siméon"
}

@article{art:lee00,
    author    = {Dongwon, Lee and Chu, Wesley W.},
    title     = {Comparative analysis of six XML Schema Languages},
    journal   = {AGM SIGMOD},
    volume   = {29},
    number   = {3},
    pages    = {},
    year      = {2000},
    month    = {September},
    note     = {}
}

@article{art:bethlehem04,
    author    = {Bethlehem, Jelke and Hundepool, Anco},
    title     = {TADEQ: A Tool for the Documentation and Analysis of Electronic Questionnaires},
    journal = {Journal of Official Statistics},
    volume    = {20}, 
    number   = {2},
    pages ={233--264},
    year      = {2004}
}

@article{art:murata05,
 author = {Murata, Makoto and Lee, Dongwon and Mani, Murali and Kawaguchi, Kohsuke},
 title = {Taxonomy of XML Schema Languages Using Formal Language Theory},
 journal = {ACM Trans. Internet Technol.},
 issue_date = {November 2005},
 volume = {5},
 number = {4},
 month = {Nov},
 year = {2005},
 issn = {1533-5399},
 pages = {660--704},
 numpages = {45},
 url = {http://doi.acm.org/10.1145/1111627.1111631},
 doi = {10.1145/1111627.1111631},
 acmid = {1111631},
 publisher = {ACM},
 address = {New York, NY, USA},
 keywords = {XML, interpretation, schema, tree automaton, validation},
}

@article{art:rasmussen07,
    author    = {Rasmussen, KarstenBoye and Blank, Grant},
    title     ={The data documentation initiative: a preservation standard for research},
    journal = {Archival Science},
    publisher={Springer Netherlands},
    volume = {7},
    pages = {55--71},
    year      = {2007}
}

@article{art:bethke08,
    author    = {Bethke, Albert D.},
    title     = {Representing Procedural Logic in XML},
    journal   = {Journal of Software},
    volume   = {3},
    number   = {2},
    year      = {2008},
    month    = {February}
}

@article{art:nurseitov09,
    author    = {Nurseitov, Nurzhan and Paulson, Michael and Reynolds, Randall and Izurieta, Clemente},
    title     = {Comparison of JSON and XML Data Interchange Formats: A Case Study},
    journal   = {Scenario},
    volume   = {59715},
    pages   = {157--162},
    year      = {2009},
    month    = {}
}

@article{art:padhy11,
    author    = {Padhy, Rabi Prasad and Patra, Manas Ranjan and Satapathy, Suresh Chandra},
    title     = {RDBMS to NoSQL: Reviewing Some Next-Generation Non-Relational Database's},
    journal   = {International Journal of Advanced Engineering sciences and technologies},
    volume   = {11},
    pages   = {15--30},
    year      = {2011},
    month    = {}
}

@article{art:haque14,
    author={Haque, Ansarul and Rahman, Tamjid},
    title={Sentiment Analysis by using Fuzzy Logic},
    journal={International Journal of Computer Science, Engineering and Information Technology},
    volume={4},
    pages={33--48},
    year={2014},
    month={February}
}
%--------------BOOK
@book{book:triplesxml,
	author    = {Gerrard, Laurance and Hughes, Keith and Jenkins, Steve and Ross, Ed and Wright, Geoff},
    title     ={The Survey Interchange Standard},
    publisher = {The Asociation for Survey Computing (ASC)},
    volume   = "",
    number   = "",
    series   = "",
    address  = "",
    edition  = "",
    year      = {2011},
    month    = "September",
    note     = ""
}

@book{book:vandervlist03,
    author    = {Van der Vlist, Eric},
    title     ={RELAX NG},
    chapter = {},
    publisher = {O'Reilly Media},
    year      = {2003},
    month    = {December},
    isbn= {978-0-596-00421-7},
}

@book{book:moller06,
    author    = {Møller, Anders and Schwartzbach, Michael I.},
    title     = {An Introduction to XML and Web Technologies},
    chapter = {Schema Languages},
    pages = {92--187},
    publisher = {Addison-Wesley},
    year      = {2006},
    month    = {January}
}

@book{book:kozlowski13,
    author= {Kozlowski, Pawel and Bacon Darwin, Peter},
    chapter={Angular Zen},
    title={Mastering Web Aplication Development with AngularJS},
    year={2013},
    month={August},
    publisher={Packt Publishing Ltd.},
}

@book{book:azzara10,
    author    = {Azarra, Carey V.},
    title     ={Questionnaire design for business research},
    publisher = {Tate Publishing \& Enterprises, LLC},
    volume   = "",
    number   = "",
    series   = "",
    address  = "",
    edition  = "",
    year      = {2010},
    month    = "",
    note     = ""
}

@book{book:bloch08,
    author    = {Bloch, Joshua},
    title     ={Effective Java (2nd Edition)},
    publisher = {Addison-Wesley},
    volume   = "",
    number   = "",
    series   = "",
    address  = "",
    edition  = "",
    year      = {2008},
    month    = "",
    note     = ""
}

@book{book:bethlehem12,
    author={Bethlehem, Jelke and Biffignandi, Silvia},
    title={Handbook of web surveys},
    publisher = {John Wiley and SONS},
    volume   = "",
    number   = "",
    series   = "",
    address  = "",
    edition  = "",
    year      = {2012},
    month    = "",
    note     = ""
}

@book{book:alagar11,
    author="Alagar, V. S.
    and Periyasamy, K.",
    chapter="Extended Finite State Machine",
    title="Specification of Software Systems",
    year="2011",
    publisher="Springer London",
    address="London",
    pages="105--128",
    isbn="978-0-85729-277-3",
    doi="10.1007/978-0-85729-277-3_7",
    url="http://dx.doi.org/10.1007/978-0-85729-277-3_7"
}

%--------------BOOKLET
@booklet{booklet:ibm12,
    author   = "International Business Machines (IBM) Corporation",
    title     = "The hows and whys of survey research",
    howpublished   = "",
    address  = "",
    year      = "2012",
    month    = "October",
    note     = ""
}

%--------------TECHREPORT
@techreport{tech:fagan88,
    author    = {Fagan, Jim and Greenberg, Brian},
    title     = {Using graph theory to analyze skip patterns in questionnaires},
    institution = {Statistical Research Division Bureau of the Census Washington, D.C.},
    type     = "", 
    number   = "",
    address  = "",
    year      = {1988},
    month    = "",
    note     = ""
}

@techreport{tech:androutsopoulos08,
    author    = {Androutsopoulos, Kelly and Binkley, Dave and Clark, David and Harman, Mark},
    title     = {Slicing Extended Finite State Machines},
    institution = {King's College London. Department of Computer Science},
    type     = "", 
    number   = "",
    address  = "",
    year      = {2008},
    month    = {July},
    note     = "",
}

@techreport{tech:mackenzie06,
    author = {MacKenzie, C. Matthew and Laskey, Ken and McCabe, Francis and Brown, Peter F and Metz, Rebekah},
    title = {Reference Model for Service Oriented Architecture 1.0},
    institution={OASIS},
    type={Technical Report Committee Specification 1},
    number={},
    address={},
    year={},
    month={},
    note={}
}

%--------------INPROCEEDINGS
@inproceedings{proc:katz97,
    author = {Katz, Irvin an Mason, George and Stinson, Linda and Conrad, Frederick},
    title       = {Questionnaire designers versus instrument authors: Bottlenecks in the development of computer-administered questionnaires},
    booktitle   = {Proceedings of the Survey Research Methods Section},
    pages       = {1029--1034},
    year        = {1997},
    month       = {}
}

@inproceedings{proc:bethlehem00,
    author = {Bethlehem, Jelke},
    title ={The routing structure of questionnaires},
    booktitle = {ASC 1999. Leading Survey and Statistical Computing into the New Millennium},
    pages = {1--14},
    year={2000},
    month={September}
}

@inproceedings{proc:costigan03,
    author = {Costigan, Paddy and Elder, Steve},
    title       = {Does the Questionnaire implements the Specification? Who Knows?},
    booktitle   = {ASC 2003. The Impact of Technology on the Survey Process},
    pages       = {85--95},
    year        = {2003},
    month       = {}
}

@inproceedings{proc:vandervlist06,
    author={Van der Vlist, Eric},
    title={Xml Schema Languages Compared},
    booktitle={XML Prague. A conference on XML},
    pages={9--28},
    year={2006}
}



@inproceedings{proc:esuli06,
    author = {Andrea Esuli and Fabrizio Sebastiani},
    title = {SENTIWORDNET: A Publicly Available Lexical Resource for Opinion Mining},
    booktitle = {In Proceedings of the 5th Conference on Language Resources and Evaluation (LREC’06},
    year = {2006},
    pages = {417--422}
}

@inproceedings{proc:wright07,
    author = {Wright, Geoff},
    title = {Triple-S: The Broader Horizon},
    booktitle = {ASC 2007. The Challenges of a Changing World:  Developments in the Survey Process},
    pages = {241--246},
    year = {2007}
}

@inproceedings{proc:Hughes07,
 	author               = {Huhges, N. Graham},
 	booktitle            = {Proceedings of the Fifth International Conference of the Association for Survey Computing},
 	month                = {September},
 	pages                = {213--222},
 	title                = {The Difficulty of Understanding Social Survey Questionnaires from the Published Documentation},
 	url                  = {http://www.asc.org.uk/publications/proceedings/ASC2007Proceedings.pdf},
 	year                 = {2007}
 }

 @inproceedings{proc:mesbah07,
    author={A. Mesbah and A. van Deursen},
    booktitle={Software Maintenance and Reengineering, 2007. CSMR '07. 11th European Conference on},
    title={Migrating Multi-page Web Applications to Single-page AJAX Interfaces},
    year={2007},
    pages={181-190},
    doi={10.1109/CSMR.2007.33},
    ISSN={1534-5351},
    month={March}
}

 @inproceedings{proc:overdick07,
    author={Overdick, Hagen},
    booktitle={Services, 2007 IEEE Congress on},
    title={The Resource-Oriented Architecture},
    year={2007},
    pages={340--347},
    month={July}
}

 @inproceedings{proc:rolke10,
    author = {Rolke, Heiko},
    booktitle = {Proceedings of the Workshops of the 31st International Conference on Application and Theory of Petri Nets and Other Models of Concurrency (PETRI NETS 2010)},
    month={June},
    pages={317--329},
    title={Automata and Preti Net Models for Visualizing and Analyzing Complex Questionnaires - A Case Study},
    url={http://ceur-ws.org/Vol-827/25_HeikoRolke_article.pdf},
    year = {2010}
 }

 @inproceedings{proc:stuhrenberg10,
    author = {Stührenberg, Maik and Wurm Christian},
    booktitle = {Proceedings of Balisage: The Markup Conference 2010},
    month={August},
    pages={},
    title={Refining the Taxonomy of XML Schema Languages. A new Approach for Categorizing XML Schema Languages in Terms of Processing Complexity},
    url={http://www.balisage.net/Proceedings/vol5/html/Stuhrenberg01/BalisageVol5-Stuhrenberg01.html},
    year={2010}
 }

 @inproceedings{proc:corbett11,
    author               = {Corbett, Joan},
    booktitle            = {Proceedings of the Fifth International Conference of the Association for Survey Computing},
    month                = {September},
    pages                = {177--184},
    title                = {Incorporating metadata standards into existing working practices - how can it be done?},
    url                  = {http://www.asc.org.uk/publications/proceedings/ASC2011Proceedings.pdf},
    year                 = {2011}
 }
 @inproceedings{proc:bolster13,
    author = {de Bolster, Gerrit},
    title = {Generating Blaise from DDI},
    booktitle = {International Blaise Users Conference},
    pages = {96--102},
    year = {2013}
}

@inproceedings{proc:volguine13,
    author = {Volguine, Oleg},
    title = {Blaise 4.8.4 Web Form Load and Performance Testing},
    booktitle = {International Blaise Users Conference},
    pages = {64--95},
    year = {2013}
}

 @inproceedings{proc:segel13,
    author = {Segel, Paul and Subramanian, Mangal and Snowden, Ray and Frey, Richard and Florczyk Mike},
    title = {Implementing Blaise 5 in a production environment},
    booktitle = {International Blaise Users Conference},
    pages = {243--258},
    year = {2013}
}

@inproceedings{stuhrenberg13,
    author={Stührenberg, Maik},
    title={Quo vadis XML?},
    booktitle={XML Prague. A conference on XML},
    pages={141--162},
    year={2013}
}

@inproceedings{proc:vani13,
    author={Vani, B. and Deepalakshmi, R. and Suriya, S.},
    title={Web based testing - An optimal solution to handle peak load},
    booktitle={Pattern Recognition, Informatics and Mobile Engineering (PRIME), 2013 International Conference},
    pages={5-10},
    year={2013},
    month={Feb}
}

@inproceedings{proc:gyorodi15,
    author={Gyorodi, C. and Gyorodi, R. and Pecherle, G. and Olah, A.},
    title={A comparative study: MongoDB vs. MySQL},
    booktitle={Engineering of Modern Electric Systems (EMES), 2015 13th International Conference on},
    year={2015},
    pages={1-6},
    month={June}
}

@inproceedings{proc:segel15,
    author={Segel, Paul and Subramanian, Mangal and Frey, Richard and Snowden, Ray},
    title={Blaise 5 Server Configuration for Web Surveys},
    booktitle={International Blaise Users Conference},
    year={2015},
    pages={161--168}
}

@inproceedings{proc:lloret15,
    author={Lloret, Jose and Wiratunga, Nirmalie},
    title={Survey State Model (SSM) – XML Authoring of electronic questionnaires},
    booktitle={XML Prague. A conference on XML},
    pages={159--177},
    year={2015}
}

@inproceedings{proc:findel15,
    author={Findel, H and Navon, J},
    title={A Test environment for Web Single Page Applications (SPA)},
    booktitle={International Conference on Web Information Systems and Technologies (WEBIST-2015)},
    pages={47--54},
    year={2015}
}

@Inbook{book:varde2010,
    author="Varde, Aparna
    and Rundensteiner, Elke
    and Fahrenholz, Sally",
    editor="Yao, JingTao",
    chapter="XML Based Markup Languages for Specific Domains",
    title="Web-based Support Systems",
    year="2010",
    publisher="Springer London",
    address="London",
    pages="215--238",
    isbn="978-1-84882-628-1",
    doi="10.1007/978-1-84882-628-1_11",
    url="http://dx.doi.org/10.1007/978-1-84882-628-1_11"
}


%--------------MANUAL
@manual{man:bethlehem02,
    title={TADEQ prototype version 1.5 User Manual},
    author = {Bethlehem, Jelke and Hundepool, Anco},
    organization = {},
    address = {},
    edition = {},
    month= {October},
    year = {2002},
    note ={}
}

@manual{man:thomas09,
    title={User Guide for Data Documentation Initiative Version 3.1},
    author = {Thomas, Wendy and Arofan, Gregory and Gager, J},
    organization = {},
    address = {},
    edition = {},
    month= {October},
    year = {2009},
    note ={}
}

%--------------THESIS

@phdthesis{phdthesis:fielding00,
    author={Fielding, Roy Thomas},
    title = {Architectural Styles and the Design of Network-based Software Architectures},
    school = {University of California},
    type={PhD Thesis},
    url={},
    year={2000}
}

@mastersthesis{masterthesis:madsen09,
    author    = {Madsen, Leif Bochis},
    title     = {Definition of Validation Rules for XML data for electronic questionnaires},
    school    = {IT University of Copenhagen},
    type     = {Thesis for Master of Information Technology in Software Development},
    address  = {},
    year      = {2009},
    month    = {November},
    note     = {},
}

%--------------MISC

@misc{web:jellife07,
    author={Jellife, Rick},
    title={Converting XML Schemas to Schematron},
    howpublished={\url{http://archive.oreilly.com/pub/post/converting_xml_schemas_to_sche.html}},
    year={2007},
    month={September},
    note={Retrieved May, 2016}
}

@misc{web:cases15,
    author    = {University of California},
    title     = {Computer-Assisted Survey Execution System},
    url = {http://cases.berkeley.edu/},
    year     = "2015",
    month    = "",
    note     = ""
}

@misc{web:blaise15,
    author    = {Statistics Netherlands},
    title     = {Blaise, Survey software for professionals},
    url = {http://www.blaise.com/},
    year     = {2015},
    month    = "",
    note     = ""
}

@misc{web:brown01,
    author    = {Brown, Bob},
    title     = {Postfix Notation Mini-Lecture},
    url = {http://bbrown.spsu.edu/web_lectures/postfix/},
    year     = {2001},
    month    = {April},
    note     = ""
}

@misc{web:triples,
    author = {Gerrard, Laurance and Hughes, Keith and Jenkins, Steve and Ross, Ed and Wright, Geoff and Molloy, Pat},
    title = {Triple-S implementations November 2015},
    howpublished = {\url{http://www.triple-s.org/ssssoft.htm}},
    year={2015}
}

@misc{web:spencer12,
    title = {A Case Against the Skip Statement},
    author ={Spencer, Samuel},
    year = {2012},
    howpublished = {\url{http://bit.ly/CaseAgainstSkip}},
    note = {}
}

@misc{web:nielsen10,
    title={Website Response Times},
    author={Nielsen, Jakob},
    year={2010},
    howpublished={\url{https://www.nngroup.com/articles/website-response-times/}},
    note={}
}

@misc{web:costello15,
    title={Two types of XML Schema Languages},
    author={Costello, Roger L. and Simmons, Robin A.},
    year={2015},
    howpublished = {\url{http://xfront.com/schematron/Two-types-of-XML-Schema-Language.html}},
    note={}
}
@misc{web:surveymonkey15,
    title={SurveyMonkey},
    author={SurveyMonkey},
    year={2015},
    howpublished={\url{https://www.surveymonkey.com}},
    note={}
}

@misc{web:qualtrics15,
    title={Qualtrics},
    author={Qualtrics, LLC},
    year={2015},
    howpublished={\url{http://www.qualtrics.com}},
    note={}
}

@misc{web:bos15,
    title={Bristol Online Surveys (BOS)},
    author={University of Bristol},
    year={2015},
    howpublished={\url{https://www.onlinesurveys.ac.uk}},
    note={}
}

@misc{web:jmeter16,
    title={Apache JMeter},
    author={The Apache Software Foundation},
    year={2016},
    howpublished={\url{http://jmeter.apache.org}},
    note={}
}

@misc{web:mongodb16,
    title={Mongo Client},
    author={MongoDB, Inc.},
    year={2016},
    howpublished={\url{http://api.mongodb.org/java/3.0/com/mongodb/MongoClient.html}},
    note={}
}

@misc{web:w3caxes,
    author={Clark, James and DeRose, Steve},
    title={Location Path - Axes},
    year={2015},
    howpublished={\url{https://www.w3.org/TR/xpath/#axes}},
    note={Xpath Axes}
}

@misc{web:w3cdtd,
    author={Bray, Tim and Paoli, Jean and Sperberg-McQueen, C.M. and Maler, Eve and Yergeau, François},
    title={Prolog and Document Type Declaration},
    year={2008},
    howpublished={\url{https://www.w3.org/TR/2008/REC-xml-20081126/#sec-prolog-dtd}},
    note={}
}
@misc{web:w3cxml,
    author={Bray, Tim and Paoli, Jean and Sperberg-McQueen, C.M. and Maler, Eve and Yergeau, François},
    title={Extensible Markup Language (XML) 1.0 (Fifth Edition)},
    year={2008},
    howpublished={\url{https://www.w3.org/TR/2008/REC-xml-20081126/}},
    note={}
}

@misc{web:w3cxslt,
    author={Clark, James},
    title={XSL Transformations (XSLT) Version 1.0},
    year={1999},
    howpublished={\url{https://www.w3.org/TR/xslt}},
    note={}
}

@misc{web:w3cxsd,
    author = {Sperberg-McQueen, C.M. and Thompson, Henry},
    title = {W3C XML Schema},
    year = {2012},
    howpublished = {\url{https://www.w3.org/XML/Schema}},
    note = {Retrieved May, 2016}
}

@misc{web:w3cxsdassertion,
    author={Gao, Shudi and Sperberg-McQueen, C.M. and Thompson, Henry},
    title={W3C XML Schema Definition Language (XSD) 1.1 Part 1: Structures},
    year={2012},
    howpublished={\url{https://www.w3.org/TR/xmlschema11-1/#assertion-validation}},
    note={Retrieved May, 2016}
}

@misc{web:doodds01,
    author={Dodds, Leigh},
    title={Schematron: validating XML using XSLT},
    year={2001},
    howpublished={\url{http://www.ldodds.com/papers/schematron_xsltuk.html}},
    note={Retrieved May, 2016}
}

@misc{web:bock13,
    author    = {Tim Bock},
    title     = {Market Research},
    url = {http://mktresearch.org/wiki/Main\_Page},
    year     = {2013}
}

@misc{web:groom14,
    author={Groom, Chuck},
    title={SurveyMonkey speeded up with Python},
    url={http://brochure.getpython.info/stories/survey-monkey/survey-monkey-speeded-up-with-python},
    year={2014},
    note={Last updated Apr 13, 2014, 12:21 PM}
}

@misc{web:medley16,
    author={Medley, Joe},
    title={Document Object Model (DOM)},
    year={2016},
    howpublished={\url{https://developer.mozilla.org/en-US/docs/Web/API/Document_Object_Model}},
    note={Last updated Jan 7, 2016, 12:22:38 PM}
}

@misc{web:fielding99,
    author={Fielding, Roy Thomas and others},
    title={Hypertext Transfer Protocol -- HTTP/1.1},
    year={1999},
    howpublished={\url{https://tools.ietf.org/rfc/rfc2616.txt}},
    note={}
}

@misc{web:apache16,
    author={Kottmann,Jörn and Ingersoll, Grant and Drost, Isabel and Kosin, James and Baldridge, Jason and Morton, Thomas and Silva, William and Agerri, Rodrigo and Autayeu, Aliaksandr and Galitsky, Boris and Giaconia, Mark and Teofili, Tommaso and Khuc, Vinh and Beylerian, Anthony and Bouazizi, Mondher and Mattmann, Chris},
    title={Apache OpenNLP},
    year={2016},
    howpublished={\url{https://opennlp.apache.org/}},
    note={}
}

@misc{web:angularJS16,
    author={Google Inc},
    title={AngularJS, HTML enhanced for web apps},
    year={2016},
    howpublished={\url{https://angularjs.org/}},
    note={}
}